%% This BibTeX bibliography file was created using BibDesk.
%% http://bibdesk.sourceforge.net/


%% Created for Dev Sinha at 2021-01-25 10:06:28 -0500 


%% Saved with string encoding Unicode (UTF-8) 

@article{jardine2002cubical,
	title={Cubical homotopy theory: a beginning},
	author={Jardine, John F},
	journal={preprint},
	year={2002},
	publisher={Citeseer}
}

@book{kaczynski2006computational,
	title={Computational homology},
	author={Kaczynski, Tomasz and Mischaikow, Konstantin and Mrozek, Marian},
	volume={157},
	year={2006},
	publisher={Springer Science \& Business Media}
}

@article{chas1999string,
	title={String topology},
	author={Chas, Moira and Sullivan, Dennis},
	journal={arXiv preprint math/9911159},
	year={1999}
}


@book {DoKr90,
    AUTHOR = {Donaldson, S. K. and Kronheimer, P. B.},
     TITLE = {The geometry of four-manifolds},
    SERIES = {Oxford Mathematical Monographs},
      NOTE = {Oxford Science Publications},
 PUBLISHER = {The Clarendon Press, Oxford University Press, New York},
      YEAR = {1990},
     PAGES = {x+440},
}
	

@book {Ranicki92,
	AUTHOR = {Ranicki, A. A.},
	TITLE = {Algebraic {$L$}-theory and topological manifolds},
	SERIES = {Cambridge Tracts in Mathematics},
	VOLUME = {102},
	PUBLISHER = {Cambridge University Press, Cambridge},
	YEAR = {1992},
	PAGES = {viii+358},
	ISBN = {0-521-42024-5},
	MRCLASS = {57R67 (19L99 19M05 57P10)},
	MRNUMBER = {1211640},
	MRREVIEWER = {Ian Hambleton},
}

@book{BoTu82,
	author = {Bott, Raoul and Tu, Loring W.},
	date-added = {2021-01-25 10:06:21 -0500},
	date-modified = {2021-01-25 10:06:27 -0500},
	isbn = {0-387-90613-4},
	mrclass = {57R19 (55-02 58-01 58A12)},
	mrnumber = {658304},
	mrreviewer = {Hansklaus Rummler},
	pages = {xiv+331},
	publisher = {Springer-Verlag, New York-Berlin},
	series = {Graduate Texts in Mathematics},
	title = {Differential forms in algebraic topology},
	volume = {82},
	year = {1982}}

@article{BCSS05,
	author = {Budney, Ryan and Conant, James and Scannell, Kevin P. and Sinha, Dev},
	coden = {ADMTA4},
	date-added = {2021-01-22 10:55:58 -0500},
	date-modified = {2021-01-22 10:55:58 -0500},
	doi = {10.1016/j.aim.2004.03.004},
	fjournal = {Advances in Mathematics},
	issn = {0001-8708},
	journal = {Adv. Math.},
	mrclass = {57M27 (55R80 57R40)},
	mrnumber = {2102844 (2005h:57013)},
	mrreviewer = {Sergei K. Lando},
	number = {1},
	pages = {78--113},
	title = {New perspectives on self-linking},
	url = {http://dx.doi.org/10.1016/j.aim.2004.03.004},
	volume = {191},
	year = {2005},
	Bdsk-Url-1 = {http://dx.doi.org/10.1016/j.aim.2004.03.004}}

@article{SiWa13,
	author = {Sinha, Dev and Walter, Ben},
	coden = {TAMTAM},
	date-added = {2021-01-22 10:55:52 -0500},
	date-modified = {2021-01-22 10:55:52 -0500},
	doi = {10.1090/S0002-9947-2012-05654-6},
	fjournal = {Transactions of the American Mathematical Society},
	issn = {0002-9947},
	journal = {Trans. Amer. Math. Soc.},
	mrclass = {55P62 (16E40 16T15 18D50)},
	mrnumber = {2995376},
	mrreviewer = {Beno\^ {\i}t Fresse},
	number = {2},
	pages = {861--883},
	title = {Lie coalgebras and rational homotopy theory {II}: {H}opf invariants},
	url = {http://dx.doi.org/10.1090/S0002-9947-2012-05654-6},
	volume = {365},
	year = {2013},
	Bdsk-Url-1 = {http://dx.doi.org/10.1090/S0002-9947-2012-05654-6}}

@article{BCKS17,
	author = {Budney, Ryan and Conant, James and Koytcheff, Robin and Sinha, Dev},
	date-added = {2021-01-22 10:55:44 -0500},
	date-modified = {2021-01-22 10:55:44 -0500},
	fjournal = {Algebraic \& Geometric Topology},
	issn = {1472-2747},
	journal = {Algebr. Geom. Topol.},
	mrclass = {55P65 (57M25)},
	mrnumber = {3677937},
	number = {3},
	pages = {1701--1742},
	title = {Embedding calculus knot invariants are of finite type},
	url = {https://doi.org/10.2140/agt.2017.17.1701},
	volume = {17},
	year = {2017},
	Bdsk-Url-1 = {https://doi.org/10.2140/agt.2017.17.1701}}

@article{Thom54,
	author = {Thom, Ren\'{e}},
	date-added = {2020-12-21 12:31:06 -0500},
	date-modified = {2020-12-21 12:31:10 -0500},
	doi = {10.1007/BF02566923},
	fjournal = {Commentarii Mathematici Helvetici},
	issn = {0010-2571},
	journal = {Comment. Math. Helv.},
	mrclass = {56.0X},
	mrnumber = {61823},
	mrreviewer = {W. S. Massey},
	pages = {17--86},
	title = {Quelques propri\'{e}t\'{e}s globales des vari\'{e}t\'{e}s diff\'{e}rentiables},
	url = {https://doi-org.libproxy.uoregon.edu/10.1007/BF02566923},
	volume = {28},
	year = {1954},
	Bdsk-Url-1 = {https://doi-org.libproxy.uoregon.edu/10.1007/BF02566923},
	Bdsk-Url-2 = {https://doi.org/10.1007/BF02566923}}

@article{Quil71,
	author = {Quillen, Daniel},
	date-added = {2020-12-19 09:53:23 -0500},
	date-modified = {2020-12-19 09:53:29 -0500},
	doi = {10.1016/0001-8708(71)90041-7},
	fjournal = {Advances in Mathematics},
	issn = {0001-8708},
	journal = {Advances in Math.},
	mrclass = {57.10},
	mrnumber = {290382},
	mrreviewer = {T. tom Dieck},
	pages = {29--56 (1971)},
	title = {Elementary proofs of some results of cobordism theory using {S}teenrod operations},
	url = {https://doi-org.libproxy.uoregon.edu/10.1016/0001-8708(71)90041-7},
	volume = {7},
	year = {1971},
	Bdsk-Url-1 = {https://doi-org.libproxy.uoregon.edu/10.1016/0001-8708(71)90041-7},
	Bdsk-Url-2 = {https://doi.org/10.1016/0001-8708(71)90041-7}}

@incollection{Doua61,
	author = {Douady, Adrien},
	booktitle = {S\'{e}minaire {H}enri {C}artan, 1961/62, {E}xp. 1},
	date-added = {2020-12-19 09:42:19 -0500},
	date-modified = {2020-12-19 09:42:29 -0500},
	mrclass = {57.20},
	mrnumber = {0160221},
	pages = {11},
	publisher = {Secr\'{e}tariat math\'{e}matique, Paris},
	title = {Vari\'{e}t\'{e}s \`a bord anguleux et voisinages tubulaires},
	year = {1961/1962}}

@incollection{FeSj83,
	author = {Fenn, Roger and Sjerve, Denis},
	booktitle = {Low-dimensional topology ({S}an {F}rancisco, {C}alif., 1981)},
	date-added = {2020-12-19 08:31:18 -0500},
	date-modified = {2020-12-19 08:31:24 -0500},
	doi = {10.1090/conm/020/718135},
	mrclass = {57Q99 (55N35 57Q50)},
	mrnumber = {718135},
	pages = {79--102},
	publisher = {Amer. Math. Soc., Providence, RI},
	series = {Contemp. Math.},
	title = {Geometric cohomology theory},
	url = {https://doi-org.libproxy.uoregon.edu/10.1090/conm/020/718135},
	volume = {20},
	year = {1983},
	Bdsk-Url-1 = {https://doi-org.libproxy.uoregon.edu/10.1090/conm/020/718135},
	Bdsk-Url-2 = {https://doi.org/10.1090/conm/020/718135}}

@article{Whit47,
	author = {Whitney, Hassler},
	date-added = {2020-12-19 08:29:07 -0500},
	date-modified = {2020-12-19 08:29:12 -0500},
	doi = {10.1073/pnas.33.1.7},
	fjournal = {Proceedings of the National Academy of Sciences of the United States of America},
	issn = {0027-8424},
	journal = {Proc. Nat. Acad. Sci. U.S.A.},
	mrclass = {56.0X},
	mrnumber = {19305},
	mrreviewer = {S. Chern},
	pages = {7--9},
	title = {Geometric methods in cohomology theory},
	url = {https://doi-org.libproxy.uoregon.edu/10.1073/pnas.33.1.7},
	volume = {33},
	year = {1947},
	Bdsk-Url-1 = {https://doi-org.libproxy.uoregon.edu/10.1073/pnas.33.1.7},
	Bdsk-Url-2 = {https://doi.org/10.1073/pnas.33.1.7}}

@article{Zing08,
	author = {Zinger, Aleksey},
	date-added = {2020-12-19 08:25:34 -0500},
	date-modified = {2020-12-19 08:25:39 -0500},
	doi = {10.1090/S0002-9947-07-04440-6},
	fjournal = {Transactions of the American Mathematical Society},
	issn = {0002-9947},
	journal = {Trans. Amer. Math. Soc.},
	mrclass = {57R95 (53D45 55N99)},
	mrnumber = {2373332},
	mrreviewer = {Yunfeng Jiang},
	number = {5},
	pages = {2741--2765},
	title = {Pseudocycles and integral homology},
	url = {https://doi-org.libproxy.uoregon.edu/10.1090/S0002-9947-07-04440-6},
	volume = {360},
	year = {2008},
	Bdsk-Url-1 = {https://doi-org.libproxy.uoregon.edu/10.1090/S0002-9947-07-04440-6},
	Bdsk-Url-2 = {https://doi.org/10.1090/S0002-9947-07-04440-6}}

@misc{Kahn01,
	archiveprefix = {arXiv},
	author = {Peter J. Kahn},
	date-added = {2020-12-19 08:22:06 -0500},
	date-modified = {2020-12-19 08:22:58 -0500},
	eprint = {0111223},
	primaryclass = {math.AT},
	title = {Pseudohomology and homology},
	year = {2001}}

@book{Krec10,
	author = {Kreck, Matthias},
	date-added = {2020-12-19 08:21:06 -0500},
	date-modified = {2020-12-19 08:21:12 -0500},
	doi = {10.1090/gsm/110},
	isbn = {978-0-8218-4898-2},
	mrclass = {55-01 (55R40 57-01 57R20 57R55)},
	mrnumber = {2641092},
	mrreviewer = {Marko Kranjc},
	note = {From stratifolds to exotic spheres},
	pages = {xii+218},
	publisher = {American Mathematical Society, Providence, RI},
	series = {Graduate Studies in Mathematics},
	title = {Differential algebraic topology},
	url = {https://doi-org.libproxy.uoregon.edu/10.1090/gsm/110},
	volume = {110},
	year = {2010},
	Bdsk-Url-1 = {https://doi-org.libproxy.uoregon.edu/10.1090/gsm/110},
	Bdsk-Url-2 = {https://doi.org/10.1090/gsm/110}}

@book{BRS76,
	author = {Buoncristiano, S. and Rourke, C. P. and Sanderson, B. J.},
	date-added = {2020-12-19 08:16:08 -0500},
	date-modified = {2020-12-19 08:16:18 -0500},
	mrclass = {57A65 (55B35 57C20 57C50)},
	mrnumber = {0413113},
	mrreviewer = {W. Metzler},
	note = {London Mathematical Society Lecture Note Series, No. 18},
	pages = {iii+149},
	publisher = {Cambridge University Press, Cambridge-New York-Melbourne},
	title = {A geometric approach to homology theory},
	year = {1976}}

@article{BoJo17,
	author = {Borisov, Dennis and Joyce, Dominic},
	date-added = {2020-12-18 10:54:13 -0500},
	date-modified = {2020-12-18 10:54:18 -0500},
	doi = {10.2140/gt.2017.21.3231},
	fjournal = {Geometry \& Topology},
	issn = {1465-3060},
	journal = {Geom. Topol.},
	mrclass = {14F05 (14A20 14J35 14N35 53D30 55N22)},
	mrnumber = {3692967},
	mrreviewer = {Hsian-Hua Tseng},
	number = {6},
	pages = {3231--3311},
	title = {Virtual fundamental classes for moduli spaces of sheaves on {C}alabi-{Y}au four-folds},
	url = {https://doi-org.libproxy.uoregon.edu/10.2140/gt.2017.21.3231},
	volume = {21},
	year = {2017},
	Bdsk-Url-1 = {https://doi-org.libproxy.uoregon.edu/10.2140/gt.2017.21.3231},
	Bdsk-Url-2 = {https://doi.org/10.2140/gt.2017.21.3231}}

@book{Lipy08,
	author = {Lipyanskiy, Maksim},
	date-added = {2020-12-18 10:50:42 -0500},
	date-modified = {2020-12-18 10:51:01 -0500},
	mrclass = {Thesis},
	mrnumber = {2717530},
	note = {Thesis (Ph.D.)--Massachusetts Institute of Technology},
	pages = {(no paging)},
	publisher = {ProQuest LLC, Ann Arbor, MI},
	title = {A semi-infinite cycle construction of {F}loer homology},
	url = {http://gateway.proquest.com.libproxy.uoregon.edu/openurl?url_ver=Z39.88-2004&rft_val_fmt=info:ofi/fmt:kev:mtx:dissertation&res_dat=xri:pqdiss&rft_dat=xri:pqdiss:0820263},
	year = {2008},
	Bdsk-Url-1 = {http://gateway.proquest.com.libproxy.uoregon.edu/openurl?url_ver=Z39.88-2004&rft_val_fmt=info:ofi/fmt:kev:mtx:dissertation&res_dat=xri:pqdiss&rft_dat=xri:pqdiss:0820263}}

@phdthesis{Thor18,
	address = {https:// escholarship.org/uc/item/7r44w49f},
	author = {Thorngren, Ryan},
	date-added = {2020-12-18 10:45:15 -0500},
	date-modified = {2020-12-18 10:46:26 -0500},
	school = {UC Berkeley},
	title = {Combinatorial Topology and Applications to Quantum Field Theory},
	year = {2018}}

@misc{Tata20,
	archiveprefix = {arXiv},
	author = {Sri Tata},
	date-added = {2020-12-18 10:43:34 -0500},
	date-modified = {2020-12-18 10:59:44 -0500},
	eprint = {2008.10170},
	primaryclass = {hep-th},
	title = {Geometrically Interpreting Higher Cup Products, and Application to Combinatorial Pin Structures},
	year = {2020}}

@article{Mand01,
	author = {Mandell, Michael A.},
	date-added = {2020-12-18 10:18:39 -0500},
	date-modified = {2020-12-18 10:18:44 -0500},
	doi = {10.1016/S0040-9383(99)00053-1},
	fjournal = {Topology. An International Journal of Mathematics},
	issn = {0040-9383},
	journal = {Topology},
	mrclass = {55P15 (55P60)},
	mrnumber = {1791268},
	mrreviewer = {Paul G. Goerss},
	number = {1},
	pages = {43--94},
	title = {{$E_\infty$} algebras and {$p$}-adic homotopy theory},
	url = {https://doi-org.libproxy.uoregon.edu/10.1016/S0040-9383(99)00053-1},
	volume = {40},
	year = {2001},
	Bdsk-Url-1 = {https://doi-org.libproxy.uoregon.edu/10.1016/S0040-9383(99)00053-1},
	Bdsk-Url-2 = {https://doi.org/10.1016/S0040-9383(99)00053-1}}

@misc{Joyc15,
	archiveprefix = {arXiv},
	author = {Dominic Joyce},
	date-added = {2020-12-18 10:00:42 -0500},
	date-modified = {2020-12-18 10:00:51 -0500},
	eprint = {1509.05672},
	primaryclass = {math.AT},
	title = {Some new homology and cohomology theories of manifolds and orbifolds},
	year = {2015}}

@misc{Lipy14,
	archiveprefix = {arXiv},
	author = {Max Lipyanskiy},
	date-added = {2020-12-18 09:56:21 -0500},
	date-modified = {2020-12-18 09:56:30 -0500},
	eprint = {1409.1121},
	primaryclass = {math.AT},
	title = {Geometric Homology},
	year = {2014}}

@unpublished{FMS-flows,
	author = {Greg Friedman and Anibal Medina-Mardones and Dev Sinha },
	title = {Flowing from intersection product to cup product},
	remark = {see \url{https://arxiv.org/abs/2106.05986} }}

@article{Frie18,
	author = {Friedman, Greg},
	date-modified = {2020-12-18 09:51:08 -0500},
	fjournal = {Journal of Singularities},
	journal = {J. Singul.},
	pages = {330--367},
	title = {The chain-level intersection pairing for {PL} pseudomanifolds revisited},
	volume = {17},
	year = {2018}}

@Book{Frie20,
        author="Friedman, Greg",
         TITLE = {Singular Intersection Homology},
         SERIES = {New Mathematical Monographs},
	    VOLUME = {33},
	 PUBLISHER = {Cambridge University Press},
      YEAR = {2020},
     PAGES = {xxiii+798},
        }   

@article{GrMa03,
	author = {Grandis, Marco and Mauri, Luca},
	date-modified = {2020-12-18 09:50:54 -0500},
	fjournal = {Theory and Applications of Categories},
	journal = {Theory Appl. Categ.},
	mrclass = {18G30 (18C10 18D10 55U10)},
	mrnumber = {1988396},
	pages = {No. 8, 185--211},
	title = {Cubical sets and their site},
	volume = {11},
	year = {2003}}

@incollection{Joy12,
	author = {Joyce, Dominic},
	booktitle = {Advances in geometric analysis},
	date-modified = {2020-12-18 09:50:16 -0500},
	pages = {225--258},
	publisher = {Int. Press, Somerville, MA},
	series = {Adv. Lect. Math. (ALM)},
	title = {On manifolds with corners},
	volume = {21},
	year = {2012}}


@book{Munk66,
	author = {Munkres, James R.},
	date-modified = {2020-12-18 09:49:52 -0500},
	mrclass = {57.00},
	mrnumber = {0198479},
	pages = {xi+112},
	publisher = {Princeton University Press, Princeton, N.J.},
	series = {Lectures given at Massachusetts Institute of Technology, Fall},
	title = {Elementary differential topology},
	volume = {1961},
	year = {1966}}

@article{ShSh92,
	author = {Shtan'ko, M. A. and Shtogrin, M. I.},
	date-modified = {2020-12-18 09:49:43 -0500},
	doi = {10.1070/RM1992v047n01ABEH000872},
	fjournal = {Uspekhi Matematicheskikh Nauk},
	issn = {0042-1316},
	journal = {Uspekhi Mat. Nauk},
	mrclass = {57Q35},
	mrnumber = {1171874},
	number = {1(283)},
	pages = {219--220},
	title = {Embedding cubic manifolds and complexes into a cubic lattice},
	url = {https://doi-org.ezproxy.tcu.edu/10.1070/RM1992v047n01ABEH000872},
	volume = {47},
	year = {1992},
	Bdsk-Url-1 = {https://doi-org.ezproxy.tcu.edu/10.1070/RM1992v047n01ABEH000872},
	Bdsk-Url-2 = {https://doi.org/10.1070/RM1992v047n01ABEH000872}}

@book{WEIB,
	address = {Cambridge},
	author = {Charles A. Weibel},
	publisher = {Cambridge University Press},
	series = {Cambridge studies in advanced mathematics},
	title = {An introduction to homological algebra},
	volue = {38},
	year = 1994}

@article{Jard02,
	author = {Jardine, John F},
	date-modified = {2020-12-18 09:50:33 -0500},
	journal = {preprint},
	publisher = {Citeseer},
	title = {Cubical homotopy theory: a beginning},
	year = {2002}}



@book{Hatc02,
	author = {Hatcher, Allen},
	date-modified = {2020-12-18 09:50:44 -0500},
	pages = {xii+544},
	publisher = {Cambridge University Press, Cambridge},
	title = {Algebraic topology},
	year = {2002}}

@book{Span81,
	author = {Spanier, Edwin H.},
	date-modified = {2020-12-18 09:49:31 -0500},
	note = {Corrected reprint},
	pages = {xvi+528},
	publisher = {Springer-Verlag, New York-Berlin},
	title = {Algebraic topology},
	year = {1981}}


@book{GuPo74,
	author = {Guillemin, Victor and Pollack, Alan},
	pages = {xvi+222},
	publisher = {Prentice-Hall, Inc., Englewood Cliffs, N.J.},
	title = {Differential topology},
	year = {1974}}

@book{Mun84,
	author = {Munkres, James R.},
	pages = {ix+454},
	publisher = {Addison-Wesley Publishing Company, Menlo Park, CA},
	title = {Elements of algebraic topology},
	year = {1984}}

@book{Hat02,
	author = {Hatcher, Allen},
	pages = {xii+544},
	publisher = {Cambridge University Press, Cambridge},
	title = {Algebraic topology},
	year = {2002}}

@book{Spa81,
	author = {Spanier, Edwin H.},
	note = {Corrected reprint},
	pages = {xvi+528},
	publisher = {Springer-Verlag, New York-Berlin},
	title = {Algebraic topology},
	year = {1981}}

@book{Dol72,
	address = {Berlin-Heidelberg-New York},
	author = {Albrecht Dold},
	publisher = {Springer-Verlag},
	title = {Lectures on Algebraic Topology},
	year = 1972}



@BOOK(Bred97,
        AUTHOR = {Bredon, Glen E.},
     TITLE = {Topology and geometry},
    SERIES = {Graduate Texts in Mathematics},
    VOLUME = {139},
      NOTE = {Corrected third printing of the 1993 original},
 PUBLISHER = {Springer-Verlag, New York},
      YEAR = {1997},
     PAGES = {xiv+557},
)


@incollection {BoHab,
    AUTHOR = {Habegger, Nathan},
     TITLE = {From {PL} to sheaf theory (rock to {B}ach)},
 BOOKTITLE = {Intersection cohomology (Bern, 1983)},
    SERIES = {Progr. Math.},
    VOLUME = {50},
     PAGES = {23--34},
 PUBLISHER = {Birkh\"auser Boston},
   ADDRESS = {Boston, MA},
      YEAR = {1984},
}

@article {Krec10b,
    AUTHOR = {Kreck, Matthias and Singhof, Wilhelm},
     TITLE = {Homology and cohomology theories on manifolds},
   JOURNAL = {M\"{u}nster J. Math.},
  FJOURNAL = {M\"{u}nster Journal of Mathematics},
    VOLUME = {3},
      YEAR = {2010},
     PAGES = {1--9},
}






@book {MaDo92,
	AUTHOR = {Margalef Roig, Juan and Outerelo Dom\'{\i}nguez, Enrique},
	TITLE = {Differential topology},
	SERIES = {North-Holland Mathematics Studies},
	VOLUME = {173},
	NOTE = {With a preface by Peter W. Michor},
	PUBLISHER = {North-Holland Publishing Co., Amsterdam},
	YEAR = {1992},
	PAGES = {xvi+603},
}




@book {Wed16,
    AUTHOR = {Wedhorn, Torsten},
     TITLE = {Manifolds, sheaves, and cohomology},
    SERIES = {Springer Studium Mathematik---Master},
 PUBLISHER = {Springer Spektrum, Wiesbaden},
      YEAR = {2016},
     PAGES = {xvi+354},
}

@book {Mas91,
    AUTHOR = {Massey, William S.},
     TITLE = {A basic course in algebraic topology},
    SERIES = {Graduate Texts in Mathematics},
    VOLUME = {127},
 PUBLISHER = {Springer-Verlag, New York},
      YEAR = {1991},
     PAGES = {xvi+428},
}

@book {HW60,
    AUTHOR = {Hilton, P. J. and Wylie, S.},
     TITLE = {Homology theory: {A}n introduction to algebraic topology},
 PUBLISHER = {Cambridge University Press, New York},
      YEAR = {1960},
     PAGES = {xv+484},
}

@book {Lee13,
    AUTHOR = {Lee, John M.},
     TITLE = {Introduction to smooth manifolds},
    SERIES = {Graduate Texts in Mathematics},
    VOLUME = {218},
   EDITION = {Second},
 PUBLISHER = {Springer, New York},
      YEAR = {2013},
     PAGES = {xvi+708},
}


@article {EM53,
    AUTHOR = {Eilenberg, Samuel and MacLane, Saunders},
     TITLE = {Acyclic models},
   JOURNAL = {Amer. J. Math.},
  FJOURNAL = {American Journal of Mathematics},
    VOLUME = {75},
      YEAR = {1953},
     PAGES = {189--199},
}

@ARTICLE(McC06,
      AUTHOR = {McClure, J. E.},
     TITLE = {On the chain-level intersection pairing for {PL} manifolds},
   JOURNAL = {Geom. Topol.},
  FJOURNAL = {Geometry and Topology},
    VOLUME = {10},
      YEAR = {2006},
     PAGES = {1391--1424},
)

@book {Kos93,
    AUTHOR = {Kosinski, Antoni A.},
     TITLE = {Differential manifolds},
    SERIES = {Pure and Applied Mathematics},
    VOLUME = {138},
 PUBLISHER = {Academic Press, Inc., Boston, MA},
      YEAR = {1993},
     PAGES = {xvi+248},
      ISBN = {0-12-421850-4},
   MRCLASS = {57-02},
}

@unpublished{RamBas09,
	author = {L. Ramshaw and J. Basch},
	title = {Orienting transverse fibre products},
	remark = { Hewlett Packard Technical Report HPL-2009-144, 2009. \url{https://citeseerx.ist.psu.edu/viewdoc/download?doi=10.1.1.406.5416&rep=rep1&type=pdf}}}

@book {Bou98,
    AUTHOR = {Bourbaki, Nicolas},
     TITLE = {General topology. {C}hapters 1--4},
    SERIES = {Elements of Mathematics (Berlin)},
      NOTE = {Translated from the French,
              Reprint of the 1989 English translation},
 PUBLISHER = {Springer-Verlag, Berlin},
      YEAR = {1998},
     PAGES = {vii+437},
      ISBN = {3-540-64241-2},
   MRCLASS = {54-02 (00A05 54-01)},
  MRNUMBER = {1726779},
}


@unpublished{Melrose,
	author = {Richard Melrose },
	title = {Differential Analysis on Manifolds with Corners},
	remark = {unfinished book available at https://math.mit.edu/~rbm/book.html; see also https://math.mit.edu/~rbm/18.158/daomwc.1/daomwc.1.pdf },
}
